@inproceedings{KozitskyKozlovskiiDobush2018book,
  address =       {Cham},
  author =        {Kozitsky, Yuri and Kozlovskii, Mykhailo and
                   Dobush, Oksana},
  booktitle =     {Modern Problems of Molecular Physics},
  editor =        {Bulavin, Leonid A. and Chalyi, Alexander V.},
  pages =         {229--251},
  publisher =     {Springer International Publishing},
  title =         {Phase Transitions in a Continuum Curie-Weiss System:
                   A Quantitative Analysis},
  year =          {2018},
  doi =           {10.1007/978-3-319-61109-9_11},
  isbn =          {978-3-319-61109-9},
  url =           {https://link.springer.com/chapter/10.1007/978-3-319-61109-
                  9_11},
}

@article{KozitskyKozlovskiiDobush2020,
  author =        {Kozitsky, Yu.V. and Kozlovskii, M.P. and
                   Dobush, O.A.},
  journal =       {Condensed Matter Physics},
  number =        {2},
  pages =         {23502},
  title =         {A phase transition in a Curie-Weiss system with
                   binary interactions},
  volume =        {23},
  year =          {2020},
  doi =           {10.5488/CMP.23.23502},
  url =           {https://icmp.lviv.ua/journal/zbirnyk.102/23502/
                  abstract.html},
}

@article{KozlovskiiDobush2020,
  author =        {Kozlovskii, M.P. and Dobush, O.A.},
  journal =       {Ukrainian Journal of Physics},
  number =        {5},
  pages =         {428 -- 437},
  title =         {Phase behavior of a cell fluid model with modified
                   Morse potential},
  volume =        {65},
  year =          {2020},
  doi =           {10.15407/ujpe65.5.428},
  url =           {https://ujp.bitp.kiev.ua/index.php/ujp/article/view/
                  2019631},
}

@article{PylyukDobush2020,
  author =        {Pylyuk, I.V. and Dobush, O.A.},
  journal =       {Ukrainian Journal of Physics},
  month =         {Dec.},
  number =        {12},
  pages =         {1080 -- 1088},
  title =         {Equation of State of a Cell Fluid Model with
                   Allowance for Gaussian Fluctuations of the Order
                   Parameter},
  volume =        {65},
  year =          {2020},
  doi =           {10.15407/ujpe65.12.1080},
  url =           {https://ujp.bitp.kiev.ua/index.php/ujp/article/view/
                  2020185},
}

@article{PylyukEtAlJML2023,
  author =        {I.V. Pylyuk and M.P. Kozlovskii and O.A. Dobush and
                   M.V. Dufanets},
  journal =       {Journal of Molecular Liquids},
  pages =         {122322},
  title =         {Morse fluids in the immediate vicinity of the
                   critical point: Calculation of thermodynamic
                   coefficients},
  volume =        {385},
  year =          {2023},
  doi =           {10.1016/j.molliq.2023.122322},
  issn =          {0167-7322},
  url =           {https://www.sciencedirect.com/science/article/pii/
                  S0167732223011261},
}

@article{PylyukKozlovskiiDobushUJP2023b,
  author =        {Pylyuk, I.V. and Kozlovskii, M.P. and Dobush, O.A.},
  journal =       {Ukrainian Journal of Physics},
  month =         {Oct.},
  number =        {9},
  pages =         {601 -- 607},
  title =         {Analytic Calculation of the Critical Temperature and
                   Estimation of the Critical Region Size for a Fluid
                   Model},
  volume =        {68},
  year =          {2023},
  doi =           {10.15407/ujpe68.9.601},
  url =           {https://ujp.bitp.kiev.ua/index.php/ujp/article/view/
                  2023197},
}

@article{KozlovskiiDobush2016,
	author = {Kozlovskii, M.P. and Dobush, O.A.},
	title = {Representation of the grand partition function of the cell model: The state equation in the mean-field approximation},
	journal = {Journal of Molecular Liquids},
	volume = {215},
	pages = {58-68},
	year = {2016},
	issn = {0167-7322},
	doi = {https://doi.org/10.1016/j.molliq.2015.12.018},
	url = {https://www.sciencedirect.com/science/article/pii/S0167732215312101},
	keywords = {Cell model, Collective variables, Simple fluid, State equation}
}

@article{Morse1929,
  author =        {Morse, Philip M.},
  journal =       {Phys. Rev.},
  month =         {Jul},
  pages =         {57--64},
  publisher =     {American Physical Society},
  title =         {Diatomic Molecules According to the Wave Mechanics.
                   II. Vibrational Levels},
  volume =        {34},
  year =          {1929},
  doi =           {10.1103/PhysRev.34.57},
  url =           {https://link.aps.org/doi/10.1103/PhysRev.34.57},
}

@article{MartinezValenciaEtAl2013,
  author =        {Martínez-Valencia, A. and González-Melchor, M. and
                   Orea, P. and López-Lemus, J.},
  journal =       {Molecular Simulation},
  number =        {1},
  pages =         {64--71},
  publisher =     {Taylor \& Francis},
  title =         {Liquid–vapour interface varying the softness and
                   range of the interaction potential},
  volume =        {39},
  year =          {2013},
  doi =           {10.1080/08927022.2012.702422},
  url =           {https://doi.org/10.1080/08927022.2012.702422},
}

@article{BiswasHamann1985,
  author =        {Biswas, R. and Hamann, D. R.},
  journal =       {Phys. Rev. Lett.},
  month =         {Nov},
  pages =         {2001--2004},
  publisher =     {American Physical Society},
  title =         {Interatomic Potentials for Silicon Structural
                   Energies},
  volume =        {55},
  year =          {1985},
  doi =           {10.1103/PhysRevLett.55.2001},
  url =           {https://link.aps.org/doi/10.1103/PhysRevLett.55.2001},
}

@article{Lim2005,
  author =        {Lim, Teik-Cheng},
  journal =       {Acta Chim. Slov.},
  number =        {2},
  pages =         {149--152},
  title =         {Approximate Relationships Between the Generalized
                   Morse and the Extended-Rydberg Potential Energy
                   Functions},
  volume =        {52},
  year =          {2005},
  doi =           {},
  url =           {https://acta-arhiv.chem-soc.si/52/52-2-149.htm},
}

@article{StrokerMeier2021,
	title = {Classical statistical mechanics in the grand canonical ensemble},
	author = {Str\"oker, Philipp and Meier, Karsten},
	journal = {Phys. Rev. E},
	volume = {104},
	issue = {1},
	pages = {014117},
	numpages = {13},
	year = {2021},
	month = {Jul},
	publisher = {American Physical Society},
	doi = {10.1103/PhysRevE.104.014117},
	url = {https://link.aps.org/doi/10.1103/PhysRevE.104.014117}
}

@book{HansenMcDonald2013,
	title={Theory of Simple Liquids: with Applications to Soft Matter},
	author={Hansen, J.P. and McDonald, I.R.},
	edition={4th},
	isbn={9780123870339},
	lccn={2013372077},
	url={https://books.google.com.ua/books?id=BEuYUhaDvIgC},
	year={2013},
	publisher={Academic Press},
	taken_from={https://books.google.com.ua/books/about/Theory_of_Simple_Liquids.html?id=BEuYUhaDvIgC&redir_esc=y}
}

@article{YigzaweSadus2013,
    author = {Yigzawe, Tesfaye M. and Sadus, Richard J.},
    title = {Intermolecular interactions and the thermodynamic properties of supercritical fluids},
    journal = {J. Chem. Phys.},
    volume = {138},
    number = {19},
    pages = {194502},
    year = {2013},
    month = {05},
    issn = {0021-9606},
    doi = {10.1063/1.4803855},
    url = {https://doi.org/10.1063/1.4803855},
    eprint = {https://pubs.aip.org/aip/jcp/article-pdf/doi/10.1063/1.4803855/13867517/194502\_1\_online.pdf},
}

